<record><leader>00000cas a22000007a 4500</leader><controlfield tag="001">26444115</controlfield><controlfield tag="008">920819d19111920nmuwr ne      0   a0eng d</controlfield><controlfield tag="009">15302</controlfield><datafield ind1=" " ind2=" " tag="010"><subfield code="a">sn 92070539 </subfield></datafield><datafield ind1=" " ind2=" " tag="040"><subfield code="a">NVM</subfield><subfield code="b">eng</subfield><subfield code="c">NVM</subfield><subfield code="d">OCLCQ</subfield><subfield code="d">DLC</subfield><subfield code="d">OCLCF</subfield></datafield><datafield ind1=" " ind2=" " tag="012"><subfield code="l">a</subfield></datafield><datafield ind1="0" ind2=" " tag="022"><subfield code="a">2165-7769</subfield><subfield code="2">1</subfield></datafield><datafield ind1=" " ind2=" " tag="042"><subfield code="a">msc</subfield><subfield code="a">nsdp</subfield></datafield><datafield ind1=" " ind2=" " tag="043"><subfield code="a">n-us-nm</subfield></datafield><datafield ind1="0" ind2="0" tag="050"><subfield code="a">Newspaper</subfield></datafield><datafield ind1="1" ind2="0" tag="082"><subfield code="a">071</subfield><subfield code="2">14</subfield></datafield><datafield ind1="0" ind2=" " tag="130"><subfield code="a">Columbus courier (Columbus, N.M.)</subfield></datafield><datafield ind1=" " ind2="4" tag="222"><subfield code="a">The Columbus courier (Columbus, N.M.)</subfield></datafield><datafield ind1="1" ind2="4" tag="245"><subfield code="a">The Columbus courier.</subfield></datafield><datafield ind1=" " ind2=" " tag="260"><subfield code="a">Columbus, Luna County, N.M. :</subfield><subfield code="b">The Mitchell Co.</subfield></datafield><datafield ind1=" " ind2=" " tag="300"><subfield code="a">v.</subfield></datafield><datafield ind1=" " ind2=" " tag="310"><subfield code="a">Weekly</subfield></datafield><datafield ind1="1" ind2=" " tag="362"><subfield code="a">Began with June 23, 1911.</subfield></datafield><datafield ind1="0" ind2=" " tag="362"><subfield code="a">-v. 11, no. 14 (Apr. 2, 1920).</subfield></datafield><datafield ind1=" " ind2=" " tag="530"><subfield code="a">Also on microfilm: El Paso, Tex. : Southwest Micropublishing, Inc.</subfield></datafield><datafield ind1=" " ind2=" " tag="530"><subfield code="a">Archived issues are available in digital format as part of the Library of Congress Chronicling America online collection.</subfield></datafield><datafield ind1=" " ind2=" " tag="588"><subfield code="a">Description based on: Vol. 1, no. 2 (Jun. 30, 1911).</subfield></datafield><datafield ind1=" " ind2="0" tag="651"><subfield code="a">Columbus (N.M.)</subfield><subfield code="v">Newspapers.</subfield></datafield><datafield ind1=" " ind2="0" tag="651"><subfield code="a">Luna County (N.M.)</subfield><subfield code="v">Newspapers.</subfield></datafield><datafield ind1=" " ind2="7" tag="655"><subfield code="a">Newspapers.</subfield><subfield code="2">fast</subfield><subfield code="0">(OCoLC)fst01423814</subfield></datafield><datafield ind1=" " ind2="7" tag="651"><subfield code="a">New Mexico</subfield><subfield code="z">Columbus.</subfield><subfield code="2">fast</subfield><subfield code="0">(OCoLC)fst01230621</subfield></datafield><datafield ind1=" " ind2="7" tag="651"><subfield code="a">New Mexico</subfield><subfield code="z">Luna County.</subfield><subfield code="2">fast</subfield><subfield code="0">(OCoLC)fst01213114</subfield></datafield><datafield ind1=" " ind2=" " tag="752"><subfield code="a">United States</subfield><subfield code="b">New Mexico</subfield><subfield code="c">Luna</subfield><subfield code="d">Columbus.</subfield></datafield><datafield ind1="0" ind2="0" tag="780"><subfield code="t">Columbus news (Columbus, N.M.)</subfield><subfield code="w">(DLC)sn 93061609</subfield><subfield code="w">(OCoLC)27691495</subfield></datafield><datafield ind1="0" ind2="0" tag="785"><subfield code="t">Columbus daily courier</subfield><subfield code="x">2165-8552</subfield><subfield code="w">(DLC)sn 94056836</subfield><subfield code="w">(OCoLC)29949971</subfield></datafield><datafield ind1="4" ind2="1" tag="856"><subfield code="u">http://www.loc.gov/chroniclingamerica/lccn/sn92070539/issues</subfield></datafield></record>